%%
%% Arquivo de referências bibliográficas.
%%

% Source: http://www.igi-global.com/reference/details.asp?id=33232
@incollection{souza-et-al:iism08,
 title = {{Designing Web Information Systems for a Framework-based Construction}},
 author = {Souza, V\'{\i}tor E. S. and Falbo, Ricardo A. and Guizzardi, Giancarlo},
 booktitle = {Innovations in Information Systems Modeling: Methods and Best Practices},
 chapter = {11},
 edition = {1},
 editor = {Halpin, Terry and Proper, Eric and Krogstie, John},
 pages = {203--237},
 publisher = {IGI Global},
 year = {2008}
}

% Source: http://link.springer.com/chapter/10.1007/978-3-642-35813-5_6
@incollection{souza-et-al:sesas13,
 title = {{Awareness Requirements}},
 author = {Souza, V\'{\i}tor E. S. and Lapouchnian, Alexei and Robinson, William N. and Mylopoulos, John},
 booktitle = {Software Engineering for Self-Adaptive Systems II},
 editor = {Lemos, Rog\'{e}rio and Giese, Holger and M\"{u}ller, Hausi A. and Shaw, Mary},
 pages = {133--161},
 publisher = {Springer},
 series = {Lecture Notes in Computer Science},
 volume = {7475},
 year = {2013}
}

% Source: http://link.springer.com/10.1007/s00450-012-0232-2
@article{souza-et-al:csrd13,
 title = {{Requirements-driven software evolution}},
 author = {Souza, V\'{\i}tor E. Silva and Lapouchnian, Alexei and Angelopoulos, Konstantinos and Mylopoulos, John},
 journal = {Computer Science - Research and Development},
 number = {4},
 pages = {311--329},
 publisher = {Springer},
 volume = {28},
 year = {2013}
}

% Source: http://dx.doi.org/10.1002/spe.2245
@article{souza-mylopoulos:spe13,
 title = {{Designing an adaptive computer-aided ambulance dispatch system with Zanshin: an experience report}},
 author = {Souza, V\'{\i}tor E. Silva and Mylopoulos, John},
 editor = {Wellings, Andy},
 journal = {Software: Practice and Experience (online first: http://dx.doi.org/10.1002/spe.2245)},
 publisher = {Wiley},
 year = {2013}
}

@book{cormen2009introduction,
  title={Introduction to algorithms},
  author={Cormen, Thomas H},
  year={2009},
  publisher={MIT press}
}


@book{drozdek2012data,
  title={Data Structures and algorithms in C++},
  author={Drozdek, Adam},
  year={2012},
  publisher={Cengage Learning}
}

@incollection{gallo1986shortest,
  title={Shortest path methods: A unifying approach},
  author={Gallo, Giorgio and Pallottino, Stefano},
  booktitle={Netflow at Pisa},
  pages={38--64},
  year={1986},
  publisher={Springer}
}

@book{ziviani2004projeto,
  title={Projeto de algoritmos: com implementa{\c{c}}{\~o}es em Pascal e C},
  author={Ziviani, Nivio and others},
  volume={2},
  year={2004},
  publisher={Thomson}
}

@inproceedings{larkin2014back,
  title={A back-to-basics empirical study of priority queues},
  author={Larkin, Daniel H and Sen, Siddhartha and Tarjan, Robert E},
  booktitle={2014 Proceedings of the Sixteenth Workshop on Algorithm Engineering and Experiments (ALENEX)},
  pages={61--72},
  year={2014},
  organization={SIAM}
}

@article{dijkstra1959note,
  title={A note on two problems in connexion with graphs},
  author={Dijkstra, Edsger W},
  journal={Numerische mathematik},
  volume={1},
  number={1},
  pages={269--271},
  year={1959},
  publisher={Springer}
}

@article{russell1995modern23,
  title={A modern approach},
  author={Russell, Stuart and Norvig, Peter},
  journal={Artificial Intelligence. Prentice-Hall, Egnlewood Cliffs},
  volume={25},
  pages={27},
  year={1995},
  publisher={Citeseer}
}

@book{russell1995modern,
 author = {Russell, Stuart J. and Norvig, Peter},
 title = {Artificial Intelligence: A Modern Approach},
 year = {1995},
 publisher = {Prentice-Hall},
} 



@article{likhachev2008anytime,
  title={Anytime search in dynamic graphs},
  author={Likhachev, Maxim and Ferguson, Dave and Gordon, Geoff and Stentz, Anthony and Thrun, Sebastian},
  journal={Artificial Intelligence},
  volume={172},
  number={14},
  pages={1613--1643},
  year={2008},
  publisher={Elsevier}
}

@article{hart1968formal,
  title={A formal basis for the heuristic determination of minimum cost paths},
  author={Hart, Peter E and Nilsson, Nils J and Raphael, Bertram},
  journal={IEEE transactions on Systems Science and Cybernetics},
  volume={4},
  number={2},
  pages={100--107},
  year={1968},
  publisher={IEEE}
}

@article{moura2010estudo,
  title={Estudo Experimental de Algoritmos em Tempo Real de Caminho M{\i}nimo Ponto a Ponto em Grafos Din{\^a}micos},
  author={Moura, Leonardo and Ritt, Marcus and Buriol, Luciana S},
  journal={Anais do XLII Simp{\'o}sio Brasileiro de Pesquisa Operacional, ser. SBPO},
  year={2010}
}

@article{koenig2002d,
  title={D* Lite.},
  author={Koenig, Sven and Likhachev, Maxim},
  journal={AAAI/IAAI},
  volume={15},
  year={2002}
}


